<?xml version="1.0" encoding="UTF-8"?><collection xmlns="http://www.loc.gov/MARC21/slim"><record><leader>00352nam--2200121-i-4500</leader><controlfield tag="001">000028635</controlfield><controlfield tag="002">20161230</controlfield><controlfield tag="005">20161230201037</controlfield><controlfield tag="008">060222s1000------------r-----000-0-eng-d</controlfield><datafield ind1=" " ind2=" " tag="080"><subfield code="a">535.375.5:543.424</subfield></datafield><datafield ind1=" " ind2=" " tag="245"><subfield code="a">Ir raman microwave. current literature service. instruction and ciding manual</subfield></datafield><datafield ind1=" " ind2=" " tag="260"><subfield code="a">London, Butterworth &amp; Co., 1965. 21p</subfield></datafield><datafield ind1=" " ind2=" " tag="852"><subfield code="a">24226</subfield></datafield></record></collection>